<record><leader>00000cas a2200000 a 4500</leader><controlfield tag="001">10334182</controlfield><controlfield tag="007">hd afv---baca</controlfield><controlfield tag="008">840124d18391839pauwr nea     0    0eng d</controlfield><datafield ind1=" " ind2=" " tag="010"><subfield code="a">sf 89090763 </subfield></datafield><datafield ind1=" " ind2=" " tag="040"><subfield code="a">PES</subfield><subfield code="b">eng</subfield><subfield code="c">PES</subfield><subfield code="d">DLC</subfield><subfield code="d">FUG</subfield><subfield code="d">OCL</subfield><subfield code="d">OCLCQ</subfield><subfield code="d">CRU</subfield><subfield code="d">OCLCF</subfield><subfield code="d">OCLCO</subfield></datafield><datafield ind1="1" ind2=" " tag="029"><subfield code="a">AU@</subfield><subfield code="b">000020128688</subfield></datafield><datafield ind1=" " ind2=" " tag="042"><subfield code="a">msc</subfield></datafield><datafield ind1=" " ind2=" " tag="043"><subfield code="a">n-us-pa</subfield></datafield><datafield ind1="0" ind2="0" tag="050"><subfield code="a">Microfilm 01104 no. 1938 AP</subfield></datafield><datafield ind1="1" ind2="4" tag="050"><subfield code="a">AP2</subfield><subfield code="b">.A1 APSII reel 1938</subfield></datafield><datafield ind1=" " ind2=" " tag="092"><subfield code="a">051</subfield><subfield code="b">A51p2</subfield></datafield><datafield ind1="0" ind2="0" tag="245"><subfield code="a">Atkinson's evening post, and Philadelphia Saturday news</subfield><subfield code="h">[microform].</subfield></datafield><datafield ind1="3" ind2="0" tag="246"><subfield code="a">Atkinson's evening post</subfield></datafield><datafield ind1="3" ind2="0" tag="246"><subfield code="a">Philadelphia Saturday news</subfield></datafield><datafield ind1=" " ind2=" " tag="260"><subfield code="a">Philadelphia :</subfield><subfield code="b">Samuel Coate Atkinson,</subfield><subfield code="c">1839.</subfield></datafield><datafield ind1=" " ind2=" " tag="300"><subfield code="a">1 v. ;</subfield><subfield code="c">67 cm.</subfield></datafield><datafield ind1=" " ind2=" " tag="310"><subfield code="a">Weekly</subfield></datafield><datafield ind1="0" ind2=" " tag="362"><subfield code="a">Vol. 18 = Whole no. 911 (Jan. 12, 1839)-whole no. 953 (Nov. 2, 1839).</subfield></datafield><datafield ind1=" " ind2=" " tag="500"><subfield code="a">Once called "the great American nickelodean," the Atkinson's evening post, and Philadelphia Saturday News has, with its great diversity of offerings, amused and informed Americans longer than any other general magazine. The front page of a typical number of the Post contained a column and a half of poetry, some tales, a section of household hints, and a department of periodical essays. On the second page were domestic and foreign news items and miscellaneous feature material, while the third and fourth pages contained nonpolitical editorials, news, advertisements, death and marriage notices, and more poetry. In 1828 Samuel C. Atkinson became the sole publisher, with Benjamin Mathias as his editor, and thus began the second phase of the Post's history. During its first twenty-five years the Post was not particularly outstanding, but during its second twenty-five years it became a well-known Saturday miscellany, publishing the works of both famous and lesser-known contributors. Its third quarter-century was spent obscurely. This was followed by the Curtis-Lorimer era, which lasted for forty-five years, including the Stout editorship; it was in this period that the Post became an American institution. The modern period in 1942, when Ben Hibbs became editor. Cf. American periodicals, 1741-1900.</subfield></datafield><datafield ind1=" " ind2=" " tag="533"><subfield code="a">Microfilm.</subfield><subfield code="b">Ann Arbor, Mich. :</subfield><subfield code="c">University Microfilms International,</subfield><subfield code="d">1978.</subfield><subfield code="e">1 microfilm reel ; 35 mm.</subfield><subfield code="f">(American periodical series, 1800-1850 ; 1938).</subfield></datafield><datafield ind1=" " ind2="0" tag="651"><subfield code="a">Philadelphia (Pa.)</subfield><subfield code="v">Newspapers.</subfield></datafield><datafield ind1=" " ind2="0" tag="651"><subfield code="a">Philadelphia County (Pa.)</subfield><subfield code="v">Newspapers.</subfield></datafield><datafield ind1=" " ind2="7" tag="655"><subfield code="a">Newspapers.</subfield><subfield code="2">fast</subfield><subfield code="0">(OCoLC)fst01423814</subfield></datafield><datafield ind1=" " ind2="7" tag="651"><subfield code="a">Pennsylvania</subfield><subfield code="z">Philadelphia.</subfield><subfield code="2">fast</subfield><subfield code="0">(OCoLC)fst01204170</subfield></datafield><datafield ind1=" " ind2="7" tag="651"><subfield code="a">Pennsylvania</subfield><subfield code="z">Philadelphia County.</subfield><subfield code="2">fast</subfield><subfield code="0">(OCoLC)fst01217128</subfield></datafield><datafield ind1="1" ind2=" " tag="700"><subfield code="a">Atkinson, Samuel Coate.</subfield></datafield><datafield ind1=" " ind2=" " tag="752"><subfield code="a">United States</subfield><subfield code="b">Pennsylvania</subfield><subfield code="c">Philadelphia</subfield><subfield code="d">Philadelphia.</subfield></datafield><datafield ind1="1" ind2=" " tag="776"><subfield code="c">Original</subfield><subfield code="w">(OCoLC)10312674</subfield></datafield><datafield ind1="0" ind2="0" tag="780"><subfield code="t">Atkinson's Saturday evening post (Philadelphia, Pa. : 1833)</subfield><subfield code="w">(DLC)sf 89091551</subfield><subfield code="w">(OCoLC)10334164</subfield></datafield><datafield ind1="0" ind2="5" tag="780"><subfield code="t">Saturday news</subfield><subfield code="g">Jan. 1839</subfield></datafield><datafield ind1="0" ind2="0" tag="785"><subfield code="t">Saturday evening post (Philadelphia, Pa. : 1839)</subfield><subfield code="w">(DLC)sf 89091793</subfield><subfield code="w">(OCoLC)7335206</subfield></datafield><datafield ind1=" " ind2="0" tag="830"><subfield code="a">American periodical series, 1800-1850 ;</subfield><subfield code="v">1938.</subfield></datafield></record>